3072 4852
577 259 963 330 CHRONOGRAPHIA.
1252 249 1326 323 461

224 419 390 492 Ἰουδαίων.
419 425 470 488 καί
491 424 535 500 είς
554 421 612 506 τὴν
631 421 797 507 οίκσδομὴν
816 429 872 488 τοῦ
887 422 970 510 lepori
983 424 1118 509 δοθῆναι
1136 419 1208 490 κατ’
1224 423 1329 490 ἐνιαυ-

226 525 281 590 τδν
306 523 443 591 τάλαντα
457 526 551 592 silenos
566 527 655 612 μέχρι
669 531 726 590 τοῦ
742 527 1005 611 οἰκοδομηθῆναι,
1031 529 1081 592 καί
1097 526 1147 592 ἐπὶ
1158 525 1195 592 τδ
1210 533 1328 592 θυσια-

228 623 354 712 στήριον
375 625 623 715 δλοκαρπολματα
639 635 838 714 καρποῦσθαι
851 629 931 694 καθ>
948 627 1077 714 ἡμέραν,
1108 629 1196 696 καθά
1209 628 1329 713 ἐχουσιν

228 729 373 815 ἐντολὴν,
402 730 479 797 ἐπτά
501 735 552 797 καί
573 733 646 796 δέκα
672 733 855 818 προσφέρειν
876 731 956 798 άλλα
979 729 1134 813 τάλαντα,
1161 733 1237 798 δέκα
1254 731 1328 798 κατ’

205 831 378 901 5ἐνιαυτάν.
407 837 457 900 καί
473 841 548 902 πάσι
565 845 629 910 τοῖς
644 835 885 920 προσβαίνουσιν
898 834 958 901 sind
974 841 1030 920 τῆς
1044 837 1250 918 Βαβυλωνίας
1263 836 1330 900 κτί-

228 961 281 1002 σαι
301 937 359 1021 ’τὴν
383 935 472 1004 πόλιν
493 935 640 1022 ὑπάρχειν
655 937 711 1022 τὴν
736 939 931 1022 ἐλευθερίαν,
958 938 1065 1014 αὐτοῖς
1087 963 1119 1004 τε
1135 941 1186 1004 καί
1199 947 1264 1015 τοῖς
1278 939 1329 1023 ἐγ-

227 1039 327 1125 γόνοις
342 1039 507 1106 αὐτῶνκαὶ
527 1047 604 1107 πᾶσι
626 1051 692 1116 τοῖς
714 1040 824 1124 ἱερεῦσι
846 1051 911 1117 τοῖς
935 1043 1184 1126 προσβαίνουσιν.
1213 1039 1330 1127 ίγραψε

227 1144 262 1208 δέ
285 1145 420 1227 δοθῆναι
441 1146 492 1208 καί
516 1143 572 1228 τὴν
589 1145 738 1230 χορηγίαν
767 1145 819 1208 καλ
840 1143 897 1228 τὴν
919 1144 1072 1231 ἱερατικὴν
1094 1143 1224 1229 στολὴν,
1252 1143 1285 1208 ἐν
1309 1135 1330 1226 ᾖ

227 1243 428 1332 λατρεύουσι,
456 1249 507 1312 καὶ
539 1257 604 1324 τοῖς
630 1249 783 1322 Λευίταις
814 1249 921 1313 δοῦναι
940 1247 997 1333 τὴν
1017 1247 1186 1332 χορηγίαν,
1214 1245 1272 1322 ἕως
1292 1235 1331 1329 ἦς

186 1359 220 1413 10
228 1345 345 1435 ἡμέρας
361 1351 541 1438 ἐπιτελεσθῇ
556 1346 573 1416 ὃ
589 1346 671 1426 οἶκος
679 1399 689 1429 ,
717 1351 769 1414 καλ
780 1345 980 1436 Ἰερουσαλὴμ
996 1353 1251 1434 οἰκοδομηθῆναι.
1278 1351 1330 1414 καί

226 1457 302 1516 πᾶσι
318 1463 384 1528 τοῖς
399 1460 571 1540 φρουροῦσι
583 1452 641 1536 τὴν
653 1449 741 1518 πάλιν
757 1451 871 1538 ίγραψε
889 1455 996 1519 δοῦναι
1010 1452 1115 1528 αδτοῖς
1132 1449 1264 1536 κλήρους
1279 1452 1331 1516 καί

227 1552 358 1637 ι’νφιάνια.
385 1559 436 1620 καί
454 1556 647 1633 ἐξαπέστειλε·
662 1551 765 1620 πάντα
777 1555 817 1620 τά
833 1551 924 1640 σκεάη
932 1603 942 1635 ,
970 1553 992 1620 ά
1006 1551 1131 1640 ἐχώρισε
1144 1559 1252 1639 Κῦρος
1265 1551 1326 1620 άπδ
1344 1567 1377 1621 Ρ.
1392 1563 1445 1623 243

225 1661 427 1739 Βαβυλῶνος.
461 1662 512 1724 καὶ
541 1657 600 1724 ὅσα
621 1655 683 1724 elne
702 1663 810 1744 Κῦρος
832 1665 973 1743 ποιῆσαι,
1002 1661 1053 1726 καί
1072 1657 1179 1734 αὐτοῖς
1203 1656 1328 1734 ἐπέταξε

136 1798 141 1808 ·
225 1767 351 1846 ποιῆσαι
365 1765 416 1826 καί
428 1763 637 1838 ἐξαποστεῖλαι
652 1764 694 1838 είς
704 1757 913 1845 Ἰερουσαλήμ.
1340 1769 1371 1826 V.
1390 1767 1441 1826 191

184 1873 218 1930 15
303 1869 414 1931 Ταῦτα
430 1866 487 1947 μέν
502 1866 534 1930 ἐν
545 1864 663 1954 Ἔσδρρ
685 1860 799 1952 πρώτῳ
811 1865 923 1952 βιβλίῳ
942 1862 1128 1950 γέγραπται,
1156 1859 1248 1928 άτινα
1265 1889 1329 1928 πα-

225 1967 385 2054 ραθέσθαι
414 1967 581 2054 ἀναγκαῖον
612 1969 753 2033 ἐνταῦθα
775 1963 961 2052 ἡγησάμεθα
983 1961 1063 2050 με’τά
1083 1973 1146 2032 τῶν
1173 1963 1243 2050 ἑξῆς
1265 1991 1328 2030 πα-

224 2071 483 2158 ρατεθησομένων
502 2070 534 2136 ἐκ
550 2077 606 2136 τοῦ
622 2070 765 2153 δευτέρου
786 2073 910 2154 βιβλίου
924 2076 980 2136 τοῦ
998 2069 1094 2136 orituri
1101 2069 1219 2156 Ἔσδρα
1228 2117 1238 2149 ,
1266 2069 1329 2136 ἐπεὶ

224 2177 275 2238 καὶ
297 2171 392 2256 μόνος
415 2174 455 2240 τά
478 2173 558 2240 κατὰ
575 2173 632 2258 τὴν
655 2170 823 2256 ἀνάκλησιν
849 2172 1016 2257 ἀπεδείχθη
1040 2179 1098 2257 τῆς
1117 2175 1329 2256 αἰχμαλωσίας

223 2273 350 2362 γράψας
375 2277 482 2372 ὀρθάς
505 2279 556 2342 καί
584 2273 644 2342 sind
668 2282 729 2341 τῶν
752 2271 779 2340 α’
803 2283 911 2362 σοφῶν
933 2276 1036 2360 ἱερέων
1058 2271 1258 2362 ἐρμηνευθείς
1279 2276 1328 2340 ἐπί

152 2435 156 2446 .
182 2382 424 2462 ῖθΠτολεμαίσυ
449 2381 646 2466 Φιλαδέλφου
668 2378 725 2442 σδν
740 2388 808 2454 ταῖς
824 2383 945 2454 λοιπαῖς
959 2375 1178 2453 θεοπνεύστοις
1192 2387 1329 2463 γραφαῖς

225 2481 419 2567 ἐδοκιμάσθη
448 2477 722 2568 ἀναγινώσκεσθαι.
750 2481 826 2556 τέως
842 2479 875 2545 δ’
894 2475 950 2546 οὖν
966 2481 999 2544 ἐκ
1012 2486 1076 2547 τῶν
1093 2479 1257 2566 ιίρημένων
1272 2477 1328 2566 ὀρ-

224 2593 295 2662 θῶς
311 2588 376 2652 ἐστι
391 2592 582 2670 κατανοῆσαι
597 2581 645 2650 ὅτι
657 2586 766 2669 Κῦρον
780 2583 835 2648 τὸν
858 2583 937 2668 παρ’
955 2583 1041 2672 αὐτῷ
1055 2579 1243 2666 καλούμενον
1253 2581 1327 2668 Ἀρ-

223 2687 372 2777 ταξέρξην
395 2691 503 2774 δηλοῖ,
531 2686 609 2774 πρὸς
634 2685 670 2754 ὃν
695 2686 870 2773 κατέγραψε
892 2683 1062 2768 Βάλσαμος
1082 2687 1133 2752 καλ
1157 2682 1358 2772 Μιθριδά-ιῖ

292 2835 317 2889 3.
344 2828 508 2903 laustenes
529 2833 778 2900 μετακαρποάσθαι
798 2833 834 2884 G.
934 2831 951 2886 5
970 2837 997 2884 et
1014 2831 1039 2885 7.
1061 2829 1277 2902 προσβαίνουσιν
1294 2829 1327 2882 Β.

292 2904 550 2987 πραβυίνσησινῦ.
619 2907 645 2958 9.
663 2897 696 2971 ἧς
714 2903 774 2958 odd.
784 2901 815 2954 B
886 2901 927 2954 12.
944 2897 1104 2984 izoipnsslb
1172 2903 1213 2956 19.
1232 2897 1328 2968 ἱερέαν

293 2973 325 3024 Β.
344 2974 495 3042 ίερατευιιν
512 2971 549 3024 G·
621 2975 665 3028 20.
682 2974 884 3034 θεοπνενσταις
901 2971 937 3024 G.
1005 2973 1049 3027 13.
1067 2971 1210 3044 βαλοαμας
1225 2972 1257 3022 h.

223 3091 320 3162 templi,
338 3090 421 3144 doneo
433 3091 626 3155 absolveretur,
644 3089 842 3161 promovendum
858 3088 1011 3154 aedificium,
1028 3087 1216 3158 annosviginti
1228 3089 1329 3144 talenta

224 3161 331 3224 donori3
349 3161 383 3215 ad
394 3177 470 3214 sacra
481 3177 530 3282 per
544 3161 659 3228 singulos
673 3161 729 3214 dies
741 3161 767 3212 in
782 3160 983 3242 holocaustorum
1003 3159 1078 3212 altari
1098 3161 1231 3224 iacienda,
1250 3165 1329 3228 prout

224 3229 289 3284 iussi
300 3236 370 3295 aunt,
388 3237 479 3300 septen
499 3230 562 3283 eciru
575 3229 664 3282 ollerri
682 3231 795 3292 talentu
813 3237 911 3280 cunctrs
925 3246 941 3281 e
953 3229 1097 3298 Babylonia
1110 3229 1247 3298 digressis,
1263 3228 1328 3296 ipsis

225 3300 461 3368 nepotibus‘eorum
476 3307 503 3354 et
516 3299 693 3352 sacerdotibus
707 3299 780 3352 simul
796 3299 934 3366 proiectis,
954 3297 1079 3352 condendi
1098 3298 1231 3351 civitatem
1245 3295 1328 3349 lacul-

224 3375 304 3422 tatem
324 3368 424 3432 deum,
447 3385 548 3424 rursum
575 3374 693 3436 sumptus
716 3367 908 3431 administrari,
931 3383 1072 3437 sacrosque
1093 3373 1211 3430 ornatus,
1235 3364 1327 3434 quibua

224 3437 314 3490 divina
326 3447 481 3508 peragerent
495 3436 584 3499 reddi,
602 3454 745 3507 expensas,
763 3437 845 3489 donec
858 3436 1029 3506 compleretur
1046 3437 1149 3503 dornus,
1168 3435 1254 3487 lavitis
1277 3450 1328 3486 ex-

223 3505 318 3570 hiberi,
331 3515 358 3560 et
367 3507 527 3561 Hierusalem
541 3505 688 3570 aedificari3
702 3516 730 3559 et
742 3505 840 3560 cunctis
848 3508 951 3558 tandein
964 3505 1079 3558 civitatis
1091 3503 1240 3557 custodibus
1254 3501 1328 3555 diur-
1410 3515 1414 3524 ·

224 3591 282 3627 uum
295 3576 390 3628 victum
403 3584 431 3629 et
448 3577 555 3630 obsonia
571 3575 649 3628 tradi.
683 3576 771 3640 Vasa,
789 3591 855 3644 quae
874 3575 1009 3643 Babylone
1027 3576 1113 3642 Cyrus
1131 3577 1327 3642 segregaverat,

223 3642 307 3762 plion,
327 3662 442 3766 (puaeppp
460 3646 510 3698 iam
529 3643 650 3728 sapienda
667 3645 752 3715 cyrus
775 3644 943 3708 decreverat,
965 3643 1099 3714 praecepit
1116 3641 1281 3712 exsequenda
1298 3649 1327 3694 at

251 3728 470 3836 mllssse‘bmoertz⁸
489 3723 663 3850 οητέίάιριίτυσ
682 3781 734 3834 scri
754 3787 782 3835 ta
801 3797 859 3834 cunr
878 3780 1046 3851 sequentibus
1065 3797 1098 3833 ax
1123 3779 1237 3844 ejusdem
1259 3779 1326 3834 libro

224 3848 336 3901 racundo
352 3851 513 3916 proferendis
525 3853 551 3903 in
563 3851 671 3902 melliora
684 3799 827 3919 proguuera
840 3867 934 3920 operae
947 3849 1055 3918 pretium
1067 3849 1192 3910 duximus,
1207 3866 1238 3902 eo
1250 3865 1328 3917 prae-

223 3917 310 3969 sertim
325 3918 439 3982 nonrine,
457 3920 526 3990 quod
541 3921 609 3972 aolus
625 3936 669 3972 res
684 3936 701 3972 a
717 3919 871 3988 captivitate
883 3919 994 3972 redituro
1006 3925 1153 3986 spectantes
1166 3917 1267 3970 airroere
1281 3917 1327 3970 lit·

223 3987 288 4038 terls
301 3987 428 4040 mandarit
440 3997 468 4039 et
485 4006 500 4040 a
513 3991 547 4042 70
566 3987 742 4041 sacerdotibus
758 3991 927 4057 interpretem
941 4005 1046 4040 munere
1068 3987 1136 4056 apud
1152 3987 1327 4039 Ptolomaeum

223 4053 419 4122 Philadelphum
432 4057 628 4124 iungentibuso
647 4073 678 4108 us
697 4057 753 4110 eius
772 4057 916 4125 expositum
938 4073 994 4109 curn
1013 4055 1120 4124 reliquis
1139 4055 1263 4108 divinitus
1285 4055 1326 4106 in-

223 4123 329 4192 spiratis
341 4123 444 4188 litteris,
461 4126 529 4192 quod
542 4124 569 4176 in
583 4074 694 4178 εοοέειία
707 4126 853 4194 legeretur,
871 4125 976 4193 dignum
991 4124 1026 4177 sit
1042 4125 1166 4177 habitum.
1201 4124 1242 4176 Βτ
1260 4125 1325 4176 huo-
1377 4159 1386 4172 .

222 4209 303 4261 ιαηιιε
317 4193 408 4261 positis
422 4194 500 4247 facile
517 4193 681 4257 coniicimus,
700 4193 812 4264 Cyrum,
829 4195 862 4247 ab
883 4211 913 4246 eo
934 4203 1052 4246 vocatum
1069 4199 1253 4260 Artaxerxem,
1272 4211 1326 4246 ma·

221 4261 358 4328 uilestari,
375 4261 409 4316 ad
421 4279 495 4334 quem
506 4262 656 4329 balsamus,
673 4263 842 4319 Mithridates
864 4271 892 4318 at
910 4261 976 4317 sosii
994 4262 1064 4316 datis
1084 4261 1180 4317 litteris
1201 4261 1326 4316 adversm
