2920 4858
157 305 161 312 v
218 259 291 335 158
554 269 737 342 GEORGI]
756 268 965 340 SYNCELLI

213 431 322 526 χρόνοι
341 433 401 523 πρὸ
422 439 479 520 τῆς
501 429 631 500 ἑκάστου
647 435 842 512 παιδοποιίας
859 429 1032 518 διεστήκασι
1046 432 1124 521 πρός
1141 432 1198 518 τὴν
1211 440 1275 499 τῶν
1289 429 1317 500 o'

218 539 396 628 ἑρμηνείαν,
425 545 626 625 συμφωνοῦσι
648 541 682 604 tl
703 539 782 625 αάτῇ
803 539 832 604 οἳ
848 545 903 604 τοῦ
922 534 1022 623 Ἰάρεά
1036 539 1087 602 καλ
1102 543 1158 602 τοῦ
1172 540 1318 604 Μαθου-

220 641 301 708 σάλα
323 645 372 708 καλ
395 647 451 708 τοῦ
473 637 598 724 Λάμεχ.
625 642 658 706 ἑκ
675 644 709 707 ἀὲ
725 649 780 724 τῆς
794 639 912 722 τούτων
926 641 1108 728 συμφωνίας
1120 637 1246 725 πάρεστι
1261 645 1317 704 λο-

216 751 314 834 γισμῷ
338 751 443 826 λαβεῖν
464 743 511 808 ὅτι
522 747 584 809 ’καλ
607 745 645 810 τά
666 745 726 830 πρὸ
743 742 861 808 τούτων
884 743 1002 826 βέλτιον
1019 739 1039 827 ἦ
1056 741 1132 826 παρ’
1149 739 1223 825 ἡμῖν
1237 739 1317 806 ἀνά-

215 873 326 932 γνωσις
350 845 417 930 ίχει.
444 845 506 912 ἀπὸ
530 847 589 934 γάρ
608 853 664 912 τοῦ
683 849 821 922 πλείονος
843 844 956 931 χρόνου
978 851 1039 910 τῶν
1061 847 1130 932 περὶ
1146 845 1201 910 τόν
1213 841 1315 931 Ἰάρειλ
1320 852 1339 908 5

215 955 309 1035 δῆλος
332 947 370 1014 ἀν
390 947 505 1033 γίνοιτο
530 952 580 1015 καὶ
601 947 618 1014 ὅ
642 956 705 1014 τῶν
726 947 923 1036 προαγόντων
939 947 1112 1034 συντρέχειν
1131 947 1261 1034 ὀφείλων
1275 953 1315 1034 τῇ

189 1060 280 1120 Graiu
304 1049 330 1117 o'
353 1049 478 1118 ἑκιλόοει.
506 1056 533 1117 εἰ
550 1052 609 1138 γὰρ
635 1051 664 1118 ui
684 1049 824 1139 νεώτεροι
838 1054 889 1117 καὶ
907 1051 1150 1137 μεταγενίστεροι
1162 1060 1227 1126 τοῖς
1236 1047 1317 1136 χρό-

215 1181 280 1232 νοις
299 1164 369 1230 ταῖς
390 1161 453 1220 τῶν
477 1151 689 1220 ἑκατοντάάων
712 1152 908 1241 προσθήκαις
929 1153 1071 1241 εὕρηνται
1093 1153 1173 1218 κατά
1187 1154 1244 1237 τὴν
1257 1157 1316 1218 τοῦ

212 1255 376 1344 Ἑβραλλιοῦ
403 1257 525 1345 γραφὴν
549 1254 709 1344 σύμφωνοι
729 1264 768 1344 τῇ
788 1263 850 1324 τῶν
873 1255 899 1322 α’
922 1255 1064 1347 ἑρμηνείᾳ
1072 1305 1081 1336 ,
1111 1253 1197 1343 πόσην
1220 1255 1315 1320 πλεόν

216 1361 297 1437 είκάς
315 1352 353 1445 ἦν
372 1359 446 1436 conio
467 1361 685 1446 ἀρχαιοτέρους
699 1364 750 1425 καλ
767 1360 869 1426 adroic
883 1362 1002 1426 ἐκείνων
1017 1356 1216 1446 προπάτορας
1231 1363 1315 1441 μάλ-
1326 1377 1357 1430 to
1443 1359 1444 1362 ¹

212 1468 268 1530 λον
287 1469 350 1529 τῶν
370 1464 530 1545 μετίπειτα
551 1465 850 1550 πολυχρονιωτίρους
873 1465 1035 1548 γενέσθαις
1068 1459 1149 1548 ἀρῶν
1171 1463 1205 1526 dd
1228 1462 1342 1548 ἑντῇ,
1443 1509 1444 1516 .

213 1563 473 1654 σογκεφαλαιιόσει
502 1573 558 1651 τῆς
578 1563 707 1632 ἑκάστου
728 1565 841 1652 ἀνδρὸς
864 1569 942 1650 ζωῆς
963 1565 1017 1631 τόν
1039 1563 1098 1650 πρὸ
1122 1569 1179 1646 τῆς
1202 1566 1316 1629 παιδο-

111 1675 114 1682 ’
214 1672 316 1744 ποιιάς
335 1666 449 1754 χρόνον
468 1672 519 1734 καλ
540 1669 593 1734 τόν
615 1670 692 1750 μετά
713 1669 770 1750 τὴν
795 1669 991 1732 παιδοποιίαν
1013 1665 1079 1748 ἅμα
1106 1663 1315 1750 συναγόμενον

152 1829 156 1838 .
211 1771 267 1836 τόν
287 1771 382 1836 αὐτὸν
401 1771 537 1854 ἀριθμὸν
552 1767 688 1848 σώζοντα
705 1765 785 1834 κατά
801 1793 832 1833 τε
846 1769 902 1850 τὴν
914 1767 1065 1854 Ἑβραίων
1078 1765 1249 1852 ἀνάγνωσιν
1263 1771 1316 1834 καλ

213 1873 291 1938 κατιλ
312 1872 369 1955 τὴν
390 1879 453 1938 τῶν
468 1871 494 1937 o'
511 1874 687 1958 ἑρμηνείαν,
714 1867 796 1953 μόνα
811 1871 845 1934 dd
857 1871 897 1934 τά
909 1871 969 1956 πρὸ
983 1865 1312 1956 τῆςπεκνσγόνίαξῖτη
1323 1881 1356 1938 15

184 1975 303 2062 Βπαρά
317 1981 379 2040 τῶν
390 1973 547 2038 Ἰουδαίων
563 1959 758 2060 ἀντιγράφων
773 1974 1014 2055 συνεσταλμένα,
1041 1979 1181 2056 κινοῦμαι
1192 1971 1314 2057 μήποτε

207 2077 368 2145 Ἰουδαίων
390 2075 476 2160 ἔργον
494 2069 533 2160 ἦν
555 2083 646 2141 ’τοῦτο
662 2073 882 2160 τολμησάντων
895 2083 1050 2142 συστεῖλαι
1066 2079 1116 2141 καί
1135 2077 1313 2160 ἐπιταχῦναι

210 2180 285 2257 τοάς
309 2178 370 2266 πρό
396 2185 453 2262 τῆς
474 2181 670 2255 παιδοποιίας
686 2176 820 2266 χρόνους
843 2181 990 2268 ἐπιτροπῇ
1013 2181 1213 2264 ταχυγαμίας.
1247 2186 1312 2245 τῶν

209 2283 268 2370 γάρ
299 2279 516 2348 παλαιοτάτων
542 2281 664 2368 ἀνδρῶν
687 2284 866 2370 μακροβίων
887 2281 983 2349 ὄντων
1008 2286 1058 2348 καὶ
1087 2285 1309 2368 πολυχρονίων,

210 2384 292 2452 οὕτω
307 2385 341 2450 δὲ
357 2383 435 2450 κατά
450 2383 581 2462 τούτους
595 2391 716 2452 θᾶττον
732 2387 779 2451 tul
794 2371 911 2472 γάμους
923 2389 974 2452 καὶ
988 2387 1184 2461 παιδοποιίας
1197 2383 1353 2452 ἐλθόν-20
1388 2419 1392 2426 ·

280 2597 306 2653 4.
326 2592 357 2668 ἡ]
381 2593 421 2664 ἀς
433 2599 468 2655 G.
536 2600 561 2655 5.
578 2601 636 2656 cciv
648 2599 753 2672 περλΒ.
772 2598 822 2656 τόν
832 2598 895 2670 περὶ
910 2600 946 2652 G·
963 2601 1016 2656 τοῦ
1032 2597 1093 2666 περλ
1110 2615 1143 2661 m·
1215 2603 1241 2656 9.
1258 2595 1311 2658 πό·

280 2685 319 2739 οφ
337 2667 420 2724 πλέον
436 2669 492 2723 Bm.
510 2671 570 2733 unic
584 2666 601 2727 ὁ
615 2670 705 2726 πλέον
722 2671 757 2722 G.
783 2740 795 2753 .
840 2669 882 2726 14.
906 2667 957 2740 τήν
978 2673 1034 2723 τῶν
1055 2671 1184 2741 Εβραίων
1202 2672 1238 2723 G.

280 2741 325 2864 {3⁰
340 2739 592 2878 χχρνργργεριὲρωλίς
608 2742 692 2863 Gan·
710 2743 842 2811 συστηλαι
858 2741 890 2794 Β.
959 2743 1002 2796 18.
1019 2741 1203 2810 ταγυγαμείιις
1218 2739 1250 2792 Β.

190 3003 192 3009 ’
210 2996 244 3052 sb
256 3011 412 3066 unoquoque
432 2997 512 3068 prolis
533 3015 611 3066 annos
625 3015 642 3050 a
654 2995 817 3065 septuaginta
836 2995 1008 3066 interpretum
1025 2996 1126 3050 ratione
1144 2995 1307 3066 discrepent3

211 3065 259 3119 soli
272 3083 334 3117 vcro
351 3063 443 3133 lared,
460 3067 607 3120 Mathusaia
622 3071 648 3117 et
663 3067 774 3118 Lamech
788 3064 848 3118 anui
863 3066 1006 3124 consentire
1021 3071 1169 3118 noscuntur.
1203 3067 1246 3118 Ex
1261 3084 1307 3118 eo-

210 3149 266 3188 rum
285 3139 370 3186 autem
388 3135 424 3186 ad
443 3134 551 3186 invicem
570 3133 720 3194 concordia,
740 3147 807 3200 quae
827 3133 998 3200 praecedunt,
1017 3151 1050 3185 ex
1067 3141 1171 3185 nostrae
1187 3133 1306 3186 lectionis

209 3207 311 3263 mente,
327 3201 416 3256 melius
431 3219 489 3254 esse
514 3200 637 3269 disposita
660 3199 849 3256 contueretur
870 3209 918 3256 est.
961 3203 1001 3254 Ab
1022 3203 1162 3256 excedente
1181 3202 1305 3271 siquidem

210 3270 283 3326 vitae
298 3270 375 3324 Iared
387 3269 488 3342 spatio,
504 3285 591 3324 eorum
602 3269 647 3337 qui
660 3276 785 3338 praeeunt
799 3273 897 3338 tempus
910 3270 1082 3340 Septuaginta
1094 3270 1200 3322 editioni
1213 3287 1306 3323 conso-

210 3357 273 3393 nare
288 3357 393 3392 necesse
405 3346 454 3394 est.
489 3337 556 3390 Nam
570 3337 592 3390 si
605 3335 762 3390 recentiores
776 3343 861 3388 aetate
874 3347 900 3389 et
913 3339 1079 3407 posteriores,
1098 3337 1195 3392 additis
1206 3339 1306 3410 aliquot

211 3425 333 3462 annorum
348 3405 471 3460 centuriis
487 3407 514 3460 in
526 3405 654 3460 Hebraico
673 3412 745 3458 textu
760 3405 932 3474 Septuaginta
945 3407 1052 3460 editioni
1073 3407 1211 3460 concordes
1226 3425 1305 3478 prse-

212 3477 343 3542 dicantur,
361 3483 457 3546 quanto
471 3475 553 3545 magis
570 3475 693 3546 pristinos
704 3474 762 3527 illos
774 3491 805 3527 ae
817 3475 926 3527 maiores
937 3475 1024 3540 annis,
1043 3476 1106 3529 alios
1120 3483 1235 3546 tempore
1257 3495 1305 3546 po-

211 3546 335 3600 steriores
346 3553 433 3598 aetate
447 3545 522 3614 louge
532 3563 663 3615 ,superare
675 3545 853 3612 congruebat?
871 3543 965 3597 Verum
976 3547 1043 3598 enim
1056 3563 1118 3600 vero
1133 3563 1190 3599 curn
1206 3548 1233 3599 in
1250 3551 1305 3599 sin-

209 3615 325 3685 gulorum
338 3613 408 3667 ritae
423 3615 627 3684 perstringendis
641 3613 781 3668 summatim
795 3613 867 3664 aunis
878 3619 993 3682 tempus,
1009 3615 1076 3684 quod
1093 3621 1252 3685 procreatam
1270 3617 1303 3670 ab

209 3683 249 3736 eis
265 3681 375 3736 sobolem
394 3683 549 3764 praecessit,
566 3682 680 3752 illudque
699 3681 767 3751 quod
792 3689 935 3750 susceptam
945 3683 1140 3753 -subsequntum
1165 3693 1206 3738 est
1228 3685 1303 3737 simul

209 3759 340 3816 coactum,
358 3767 414 3808 oum
425 3753 502 3807 iuxta
510 3753 686 3806 Hebraeorum
696 3751 847 3814 lectionem,
863 3759 917 3804 tum
930 3751 1003 3806 iuxta
1020 3754 1191 3823 Septuaginta
1210 3754 1304 3808 editio-

209 3837 267 3874 nem
279 3838 409 3874 numerum
424 3821 529 3876 eundem
541 3838 594 3874 coru
614 3839 691 3874 onere
703 3821 906 3888 deprehendam
922 3821 1003 3874 solum
1025 3841 1086 3877 vero
1106 3825 1216 3894 spatium
1235 3823 1304 3874 tilio·

209 3905 265 3942 rum
279 3889 480 3958 procreationem
495 3839 651 3960 praecedens
667 3889 736 3959 apud
750 3887 901 3942 ludaeorum
913 3889 1016 3944 codices
1029 3893 1187 3946 contractius
1199 3908 1231 3944 ac
1244 3893 1303 3944 bre-

208 3959 267 4014 vius
280 3959 358 4012 multo
371 3958 504 4030 detegam
522 3975 554 4014 ne
567 3961 654 4014 forsan
670 3960 717 4012 boc
730 3957 810 4011 fuerit
825 3975 842 4011 a
856 3958 960 4012 Iudaeis
973 3960 1124 4016 intentatum
1140 3961 1254 4025 facinus,
1272 3965 1302 4012 ut

209 4027 372 4096 praecocium
395 4029 540 4098 nuptiarum
557 4027 684 4082 licentiam
705 4027 823 4081 nonnulla
845 4029 976 4082 voluerint
998 4031 1153 4084 auctoritate
1173 4031 1302 4093 munim,

209 4103 288 4164 atque
304 4098 342 4150 ita
355 4097 528 4151 subducerent
539 4103 566 4150 et
582 4104 644 4152 ante
658 4103 803 4179 susceptam
818 4098 914 4166 prolem
933 4098 1069 4166 pauciores
1086 4115 1164 4154 annos
1177 4100 1301 4162 iacerent,

209 4164 325 4217 nonnihil
337 4182 453 4232 moveor,
472 4173 502 4220 ut
518 4167 636 4221 iudicem.
670 4167 795 4220 Pristinus
810 4165 875 4233 enim
887 4167 945 4219 illos
956 4184 988 4220 ac
1002 4168 1126 4239 longioris
1144 4167 1203 4222 aeri
1219 4167 1301 4220 homi·

209 4249 256 4288 nes
269 4233 335 4290 adeo
347 4235 501 4292 fmtinmter
511 4236 546 4294 ad
557 4235 662 4308 nuptias
676 4235 898 4310 procreandosque
908 4235 1008 4292 liberos
1022 4239 1194 4307 convolantes,
1212 4235 1301 4308 quales
