2990 4850
528 279 916 352 CHRONOGRAPHIA.
1198 269 1276 346 253

176 471 243 523 σεις
261 443 320 531 τήν
342 438 478 529 δήλωσιν
499 425 550 510 καλ
572 443 628 530 τήν
644 440 811 530 ἀλήθειαν,
839 441 988 512 solimus
1003 443 1051 512 inl
1066 439 1277 532 coincidunt:

168 548 310 636 Ἀαρὼν,
338 545 415 614 ὅταν
444 544 657 634 είστιορεόηται
682 551 725 626 είς
740 547 777 615 τό
793 546 879 635 ι’ίγιον
893 547 995 615 λ’ναντι
1009 551 1133 636 κυρίου,
1160 553 1210 616 καὶ
1227 549 1275 617 οί-
1346 560 1348 566 ’
1405 611 1408 618 .

170 677 224 718 σει
242 650 363 738 Ἀαρυλν
388 649 486 716 ἔναντι
500 653 607 740 κυρίου
624 651 681 727 τὰς
699 652 811 740 κρίσεις
824 657 887 718 τῶν
900 652 1108 739 υἱῶνἸσραήλ
1115 701 1127 735 ,
1155 654 1203 718 ἐπὶ
1218 657 1274 720 τοῦ

169 751 319 839 στήθους
337 753 389 819 διδ
401 749 525 832 παντός.

144 879 165 934 5
235 877 315 962 Περὶ
329 870 442 940 ταότου
457 879 512 939 τοῦ
526 875 630 959 λογίου
642 871 767 962 populosi
780 871 950 960 Ἰοόσηπτιος
963 873 995 940 dv
1008 873 1103 964 τρίτῳ
1111 871 1158 940 ότι
1171 872 1201 940 oi
1215 868 1272 940 δόσ

168 976 371 1064 σαρδιόνυχοι
395 975 425 1042 αἶ
446 978 493 1041 inl
511 983 572 1042 τῶν
589 975 682 1060 ιόμων
701 985 757 1044 τοῦ
774 978 936 1066 όρχιερίως
949 979 1000 1043 καὶ
1022 977 1052 1043 oi
1064 977 1112 1042 ἐπὶ
1125 983 1181 1043 τοῦ
1196 972 1273 1062 στή-

169 1087 259 1157 θους
280 1075 484 1146 δωδεκόλιθαι
503 1076 605 1164 λόγων
626 1081 807 1162 ίκαλοῦντο,
834 1082 886 1147 διὰ
896 1080 932 1147 τό
947 1081 1105 1165 σημαίνειν
1118 1077 1151 1146 ἴκ
1165 1105 1198 1145 τε
1212 1085 1269 1165 τῆς
1285 1092 1319 1150 V.
1333 1095 1384 1150 107

171 1183 272 1268 αιήής
292 1182 332 1248 τδ
349 1182 472 1269 χρηστὰ
486 1183 537 1246 καλ
554 1183 587 1246 ἐκ
600 1189 656 1267 τῆς
677 1181 899 1268 ἔπισκοτήσεως
920 1181 961 1250 τό
983 1182 1066 1249 δεινὰ
1082 1183 1113 1248 ἓν
1128 1182 1274 1265 πολήιιαις

170 1289 226 1351 καλ
253 1284 357 1361 ἄλλοις
375 1286 532 1360 παντοίαις
554 1283 712 1370 πράγμασι
732 1293 776 1377 τῷ
785 1285 919 1372 Ἰσραήλ.
945 1283 1017 1370 ἡδὲ
1029 1281 1157 1370 τοιαύτη
1168 1309 1272 1369 σημα-

127 1389 161 1444 ¹0
170 1391 227 1454 σία
248 1385 381 1472 δήλωσις
404 1388 517 1474 ἐλέγετο
536 1390 587 1469 καλ
612 1386 745 1472 ἀλήθεια
758 1391 791 1454 ἐν
809 1396 853 1478 τῷ
866 1391 956 1476 λογίῳ
969 1385 1085 1454 θεόθεν
1100 1386 1270 1475 ἀναφαινο-

167 1493 259 1574 μίνη,
277 1489 344 1575 ἣτις
359 1490 437 1555 κατδ
451 1487 605 1578 ἁμαρτίας
617 1497 673 1556 τοῦ
688 1497 776 1573 λαοῦ,
802 1494 907 1580 φησὶν,
935 1487 1089 1556 ἔπαόσατο
1103 1491 1298 1575 ἐνεργοῦσαῦ

169 1599 236 1660 τῶν
247 1591 421 1679 ’Ῑωσήππου
431 1590 552 1679 χρόνων
566 1590 716 1682 πρότερον
729 1591 806 1661 ἔτεσι
824 1596 998 1669 διακοσίοις.
1024 1592 1103 1676 μετὰ
1119 1591 1155 1658 τό
1168 1589 1269 1678 λόγιον

167 1693 330 1782 ὖποδότην
354 1683 474 1782 ποδήρη
498 1694 570 1762 ὅλον
592 1693 771 1763 ὑακίνθινον
793 1693 933 1785 cipando
957 1693 1043 1762 i'sdos
1059 1696 1219 1779 iampridem
1237 1695 1271 1772 ίξ

170 1799 299 1883 αὐχένος
320 1801 361 1876 εἰς
382 1795 482 1874 πόδας
501 1795 647 1864 κατιόντα
670 1800 892 1888 προστέτακται
901 1849 912 1881 ,
939 1807 1004 1874 τοῖς
1025 1803 1087 1864 τῶν
1103 1803 1270 1881 κυσυμβιόν

127 1907 162 1964 15
171 1901 378 1986 διαστήμασιν
392 1900 548 1990 εὐπρεπῶς
560 1903 801 1987 κεκοσμημένον,
831 1901 868 1969 τό
883 1896 1055 1988 κρόσπεδόν
1069 1926 1103 1967 τε
1118 1901 1151 1978 ἐξ
1166 1897 1268 1989 ipos-

167 2011 257 2088 τινής
282 2007 433 2081 ποικιλίας
461 2007 511 2071 καὶ
539 2012 665 2092 χρυσῶν
689 2001 920 2095 δπαρτημότων
943 2003 1052 2090 ἔχοντα
1073 2000 1194 2071 κώδωσι
1216 2004 1269 2069 καλ

167 2109 304 2196 ῥοΐσκοις
330 2109 363 2174 ἐκ
394 2103 594 2194 παραλλήλου
621 2109 920 2194 κεκαλλωπισμίνον,
946 2103 1164 2192 τεντήνασθαι.
1201 2101 1267 2173 εἶτα

167 2211 300 2276 πίταλον
321 2217 458 2298 χρυσοῦν
483 2207 559 2302 ἁγίῳ
586 2214 644 2277 τινὶ
669 2213 721 2277 καλ
751 2209 877 2302 ἀρρήτῳ
896 2207 1075 2300 χαράγματι
1094 2232 1268 2293 κατασεση-

166 2314 326 2398 μασμένον
348 2314 544 2380 ἐπιτίθεσθαι
568 2319 613 2404 τῷ
634 2309 765 2404 μετοίκῳ
791 2321 848 2381 τοῦ
868 2313 1047 2402 ἇρχιερίως,
1074 2315 1125 2378 καὶ
1146 2315 1266 2398 κίδαριν

127 2420 222 2483 tusci
243 2413 349 2502 ζολνην.
376 2418 427 2482 καί
448 2413 466 2482 d
486 2421 549 2483 τῶν
568 2420 706 2506 κρυφίων
726 2413 841 2502 κόσμος
859 2419 909 2483 καλ
929 2415 989 2484 door
1002 2414 1082 2482 ἄλλα
1099 2417 1168 2502 περὶ
1181 2414 1267 2504 δερα-

237 2598 264 2651 2.
286 2598 340 2650 rosi
357 2595 456 2666 Aepulo
469 2596 504 2650 G.
529 2597 583 2654 τοῦ
602 2597 698 2651 omli.
784 2595 934 2666 tegebatur
954 2590 1149 2666 εδοποριόεται.
1171 2593 1264 2650 alono·

238 2663 387 2735 ηευόμινοσ
402 2667 434 2722 Δ.
510 2669 536 2722 5.
554 2663 570 2722 ό
587 2667 647 2720 add.
662 2667 694 2720 B.
770 2661 904 2739 όντηίτῳ]
922 2667 989 2736 Cap.
1007 2667 1033 2721 8.
1115 2666 1141 2720 6.
1159 2661 1264 2732 σαρδό-

236 2754 317 2804 νυηοι
332 2736 363 2788 Β.
432 2739 459 2792 8.
476 2732 673 2807 ἐπισκοτήσεας
686 2735 718 2788 t.
738 2731 927 2798 δπιτκυτίσιας
941 2736 973 2788 B.
992 2729 1142 2804 nusciosum
1156 2733 1192 2818 G:
1323 2763 1325 2768 ·

239 2807 280 2860 13.
297 2804 343 2858 καλ
358 2799 503 2874 dirodoinus
524 2823 557 2863 m.
630 2799 787 2874 όποδότην]
805 2803 890 2859 Exod.
906 2803 1031 2869 xxvtn,
1047 2805 1091 2859 31.
1170 2819 1265 2870 oopus·

235 2870 285 2930 τόν
295 2875 351 2926 Bm.
368 2869 503 2944 όφαντιδν
515 2875 551 2928 G.
619 2873 661 2931 tt.
675 2871 874 2942 πραστίταιιται
888 2889 937 2927 om.
953 2873 989 2927 G.
1056 2867 1263 2942 sonipedem.

287 2945 329 2998 15.
356 2943 560 3014 κεκοσμημένον
576 2943 632 2998 Βιιι.
653 2942 861 3015 κεκοσμημένων
879 2942 916 2996 G.
1011 2943 1055 3000 16.
1071 2943 1210 3006 ποικιλίας
1230 2940 1263 2998 Β.

234 3015 376 3084 uocemue
389 3017 421 3070 Δ.
436 3015 563 3085 ποικίλης
579 3015 616 3072 G.

166 3163 239 3234 quit,
256 3183 335 3236 super
351 3167 477 3222 rationale
491 3167 580 3221 iudicii
596 3165 838 3224 demonstrationem
852 3170 880 3223 at
890 3166 1036 3222 veritatm.
1069 3165 1107 3222 Et
1120 3163 1171 3220 orit
1184 3179 1263 3236 super

167 3241 375 3320 peetusflapotn,
393 3237 495 3322 quaudo
513 3236 674 3306 ingredictur
691 3237 719 3292 in
738 3245 852 3294 amotum
872 3242 933 3322 anto
946 3235 1079 3297 dominun.
1114 3235 1151 3290 Et
1170 3235 1263 3290 offeret

167 3305 251 3357 Aaron
266 3305 364 3358 rudrcm
375 3305 484 3360 tiliorum
497 3305 578 3360 Israel
590 3323 668 3378 super
680 3315 772 3378 pectus
785 3313 845 3362 aute
858 3305 985 3362 domuum
999 3321 1107 3377 sempor.

233 3389 274 3443 Do
292 3389 414 3444 rationali
426 3391 477 3445 isto
493 3393 575 3446 refert
585 3391 710 3462 Iosephus
723 3393 750 3447 in
762 3394 858 3460 tertio,
875 3391 941 3448 duos
960 3392 987 3446 iu
1006 3389 1118 3446 humeris
1134 3385 1263 3460 pontilicis

166 3457 340 3530 sardonychus
357 3466 384 3514 et
403 3461 536 3514 duodecim
554 3461 580 3514 in
599 3469 704 3532 pectore
722 3470 838 3532 gestatos
859 3463 974 3534 lapides,
995 3457 1120 3515 rationale
1146 3463 1263 3521 rocetos,

166 3529 234 3596 qnod
247 3545 280 3581 ex
295 3529 431 3599 splendore
443 3531 589 3596 somonam,
606 3547 638 3584 er
650 3531 807 3586 obscuritate
821 3531 948 3597 adverse,
965 3547 1023 3586 cum
1036 3531 1065 3582 in
1078 3526 1152 3580 bellis
1162 3533 1217 3579 tum
1234 3523 1263 3578 iu

166 3597 242 3650 rebus
255 3597 312 3650 aliis
325 3599 359 3652 nb
371 3598 450 3652 larstl
460 3599 595 3668 gerendis,
612 3600 833 3684 praenunciarent.
866 3601 933 3654 Illud
944 3615 1021 3670 porro
1032 3594 1197 3660 vaticinium,
1213 3591 1262 3648 da·

165 3667 313 3720 monstratio
324 3665 447 3721 videlicet
460 3675 488 3722 at
502 3668 599 3722 verim
612 3685 640 3720 ιιι
659 3667 778 3724 rationali
790 3668 897 3724 coalitos
908 3667 1079 3730 manifestata,
1093 3670 1200 3734 propter

166 3733 217 3802 puli
233 3742 342 3804 peccata
355 3735 474 3790 ducentis
488 3738 562 3790 aunis
575 3743 636 3792 aute
646 3737 749 3808 Iosephi
764 3745 874 3792 aetutem
892 3737 986 3792 nullius
1008 3735 1047 3789 rei
1065 3734 1167 3787 futurae
1180 3732 1214 3784 ds
1232 3735 1262 3786 at

164 3803 292 3860 indicium.
331 3805 441 3860 Praeter
460 3805 586 3860 rationale
606 3811 633 3859 et
651 3807 757 3862 talarem
772 3807 882 3861 tunicam
905 3807 965 3878 puri
987 3801 1080 3858 coloris
1100 3799 1262 3924 hpacirntlrini

164 3870 285 3937 textilem,
301 3875 348 3926 sub
363 3873 536 3928 humeralibus
550 3893 567 3930 a
579 3875 682 3929 cervice
696 3875 729 3928 ad
742 3875 822 3946 pedes
834 3893 916 3946 usqne
928 3873 1070 3938 demissam,
1087 3887 1118 3926 su
1136 3869 1261 3954 ΙλριιιιιΙα-

164 3956 217 3994 ram
231 3941 418 3998 discriminibus
431 3942 552 3997 decenter
562 3948 692 4009 ornatam,
708 3944 871 4014 timbrissquo
884 3943 938 3998 cius
951 3941 1055 3997 textiles
1070 3949 1098 3994 et
1112 3955 1199 3993 vanas
1211 3955 1261 3992 au·

164 4009 215 4062 1⁸1¹
235 4011 392 4094 peptilibun,
415 4013 592 4096 tiutiunabulis
612 4013 728 4068 ιιίιιιίταιιι
750 4021 777 4067 et
794 4013 867 4068 malis
885 4011 989 4083 punicis
1006 4011 1168 4064 collaudatas
1183 4005 1261 4062 iussit

164 4081 498 4218 ‘ttttlttttttltt
509 4078 1260 4222 militul‘tpittt‘tttffittt

163 4223 238 4270 ”two
253 4225 280 4271 at
299 4219 351 4272 ntis
365 4236 533 4290 quaecuuque
546 4220 616 4272 circa
630 4219 787 4290 pontificiam
807 4219 958 4290 dignitatem
976 4222 1138 4280 memorata,
1149 4215 1196 4268 snb
1213 4231 1260 4267 rs-

163 4283 335 4343 ·fineotorum
360 4288 534 4344 ostentatione
557 4288 680 4345 vinctum
709 4289 808 4361 figuras
833 4298 861 4346 et
877 4287 972 4344 indicia
994 4285 1075 4344 ocum
1095 4281 1259 4340 obiiciobaut.
