2930 4850
490 337 877 407 CHRONOGRAPHIA.
1160 335 1211 406 8³

105 494 313 586 Χρυσορρόας
333 497 461 586 λέγεται.
492 497 605 588 ’Iopen
618 502 653 567 δέ
667 505 712 592 τῷ
727 503 821 590 τρίτῳ
836 503 896 590 υἱῷ
911 503 1008 570 αὐτοῦ
1024 503 1127 590 ἄγοντι
1140 501 1208 582 ἔτος
1224 520 1257 575 V.
1274 521 1311 578 86

103 603 162 669 υκε’
185 603 246 669 ἀπὸ
261 607 410 689 Μηδείας
429 603 469 669 rol
484 604 564 691 πρὸς
579 603 693 690 όίρκτον
707 609 758 669 καί
773 605 895 688 δυσμὰς
907 607 967 684 ,ἕως
984 610 1142 695 Γαδείρων
1158 613 1210 675 uni

102 711 318 792 Βρεττανικῶν
330 704 450 793 νήσων,
475 707 635 799 Ἅρμενίαν
648 711 699 773 καλ
713 707 850 795 Ἰβηρίαν
856 759 866 789 ,
893 709 1036 791 Πόντον,
1064 710 1237 796 Κόλχουςο

101 813 152 875 καὶ
185 811 244 885 τός
273 808 403 878 κατόπιν
423 807 530 896 χώρας
544 814 595 876 καὶ
617 808 731 898 νήσους
753 813 810 888 ἕως
828 811 960 890 Ἰταλίας
980 816 1031 880 καί
1055 818 1086 880 Γ
1083 821 1208 901 αλλικής

82 919 261 996 exuensne
289 939 323 979 τε
351 917 401 978 καί
423 917 630 1000 Κελτιβηρίας
652 918 703 979 καί
725 919 925 982 Λυσιτανῶν.
967 915 1050 982 οὕτω
1077 921 1208 1005 μερίσας

102 1020 151 1082 καὶ
169 1013 330 1102 ἐγγράφως
353 1017 554 1099 διαδίμενος,
584 1017 626 1094 ῶς
639 1043 734 1104 φασιν
740 1067 751 1098 ,
780 1015 970 1105 ἐπαναηνοός
983 1045 1014 1086 τε
1028 1019 1135 1098 αὐτοῖς
1150 1020 1207 1106 τήν

102 1117 260 1203 διαθήκην
282 1119 380 1185 αὐτοῦ
405 1111 629 1206 ἐσρραμόατο,
658 1121 735 1205 παρ’
756 1119 856 1209 ἐαυτῷ
870 1124 1050 1205 κατασχιδν,
1079 1125 1135 1200 ἕως
1149 1131 1205 1189 τοῦ

102 1217 223 1314 flphss‘
244 1221 332 1300 ἐτοσς
350 1222 412 1288 sind
423 1223 520 1305 Ἀδὰμ
529 1273 540 1303 ,
569 1225 601 1288 ἐν
620 1213 645 1311 ᾧ
661 1227 711 1289 καί
724 1223 886 1310 ἐκοιμήθη.
922 1228 1041 1308 μίλλων
1057 1227 1210 1292 δδτελευ-

104 1333 161 1390 τῶν
188 1327 356 1391 ἐνετείλατο
381 1335 447 1402 τοῖς
461 1329 560 1412 τρισὶν
577 1326 674 1392 oriosii
686 1326 765 1402 υἱοῖς
780 1329 898 1418 μηδένα
917 1330 1057 1395 ἐπελθεῖν
1072 1339 1138 1406 τοῖς
1154 1335 1209 1395 τοῦ

67 1428 239 1514 1ῠόδελφοῦ
264 1425 361 1515 δρίοις
383 1432 434 1494 καὶ
452 1427 592 1505 ἀτάκτως
612 1431 773 1515 ἐνεχθῆναι
790 1431 868 1516 ιιρδς
886 1433 1007 1518 ἕτερον,
1036 1428 1078 1508 ῶς
1095 1431 1210 1498 τούτου
1234 1505 1235 1508 ¹

101 1531 305 1617 γενησομένου
328 1534 428 1596 αίτιόυ
449 1530 586 1608 στάσεως
600 1532 768 1608 αὐτοῖςκαὶ
783 1535 924 1616 πολίμων
939 1541 1001 1601 τῶν
1015 1535 1093 1620 πρδς
1113 1531 1210 1620 ἀλλή-

101 1641 186 1711 λους.
225 1635 282 1719 τήν
306 1637 339 1700 δέ
363 1634 517 1720 διαθήκην
538 1635 635 1700 αὐτοῦ
658 1635 750 1701 liltore
771 1641 816 1724 τῷ
846 1636 930 1722 Σήμ,
961 1634 1003 1712 ῶς
1023 1636 1215 1727 κριοτοτόκιρ

101 1738 157 1826 υἱῷ
183 1741 235 1802 καὶ
258 1739 495 1827 θεοηιλεστίρηι,
525 1736 559 1814 ὃς
575 1741 626 1803 καὶ
642 1739 698 1823 τήν
710 1736 872 1824 ἡγεμονίαν
891 1741 1045 1818 διεδίξατο
1058 1739 1131 1823 μετ’
1148 1739 1236 1810 osi-l)

101 1841 155 1908 τὸν
176 1845 229 1905 καλ
252 1842 309 1919 τὰς
329 1843 503 1927 ἐξαιρέτους
522 1847 584 1907 τῶν
612 1841 692 1928 παρ’
718 1839 815 1907 atreo
838 1842 981 1926 εδλομιῶν
1000 1841 1209 1929 ἐκληρώσατο,

67 1957 95 2011 15
103 1942 145 2022 ῶς
164 1947 218 2009 καὶ
233 1945 265 2009 ἐν
282 1951 321 2032 τῇ
337 1949 368 2010 Γ
365 1945 455 2010 ενέσει
470 1945 602 2032 ηίρεται.
630 1947 680 2010 καὶ
693 1941 845 2030 ἐκοιμήθη
859 1947 890 2010 ἐν
906 1944 968 2030 όρει
981 1944 1131 2033 Λουβόρ.

175 2047 227 2112 Ἔν
254 2049 288 2114 δέ
311 2055 355 2136 τῷ
376 2046 493 2137 ,βψᾘῶ
510 2047 567 2112 ἴτει
583 2055 640 2112 τοῦ
656 2045 774 2132 κόσμου
782 2097 793 2127 ,
821 2047 890 2132 ήτοι
905 2049 984 2132 μετὰ
1001 2048 1142 2115 διακόσια
1157 2047 1210 2136 ἐτη

10 2207 11 2248 4
100 2158 156 2235 τῆς
171 2157 314 2236 τελευτῆς
329 2155 424 2230 Νῶε,
451 2153 631 2235 νεωτερίσας
654 2149 670 2216 ὃ
690 2157 747 2217 τοῦ
769 2149 849 2233 Xon
868 2151 936 2228 αδδς
953 2152 1087 2218 Χαναὰν
1113 2153 1207 2238 ἐπίβη

10 2257 11 2306 l
101 2265 166 2331 τοῖς
181 2251 276 2340 ὁρίοις
291 2261 347 2319 roii
354 2254 427 2338 Σήμ
441 2257 492 2319 καλ
506 2253 680 2342 κατῴκησεν
695 2255 760 2320 ἐκεῖ
770 2254 916 2340 παραβὰς
929 2255 985 2340 τήν
1000 2254 1126 2341 ἐντολήν
1136 2259 1209 2322 Νῶε

102 2359 158 2422 σὺν
181 2369 250 2434 τοῖς
271 2359 304 2434 ἐξ
326 2358 423 2422 αὐτοῦ
445 2357 616 2443 ηἐνομίναις
629 2357 750 2423 theson
770 2353 864 2437 insci,
888 2357 1098 2445 Ἀμορραίας,
1126 2361 1211 2423 Χετ-
1249 2355 1256 2378 ’

67 2461 212 2542 torosiore,
245 2461 429 2547 Φερεζαίοις,
458 2459 595 2542 Εδαίοις,
623 2465 654 2526 Γ
651 2463 825 2549 ερηεσαίοις,
849 2460 1048 2542 ’ίεδουσαίοις
1065 2463 1115 2528 καί
1136 2465 1211 2528 Χα-

174 2627 199 2680 1.
230 2621 386 2693 χρυσορόας
410 2626 441 2677 Α.
526 2625 552 2678 2.
579 2623 721 2694 Μηδείας]
744 2625 859 2694 Μηδίας
880 2621 1007 2695 Scaliger.
1101 2627 1127 2682 6.
1157 2621 1211 2682 orl·
1252 2691 1255 2699 Ι

170 2699 231 2758 τοῖς
257 2695 386 2783 ὃωλίρατ.
413 2691 521 2758 orituris
553 2694 590 2746 G.
681 2695 708 2750 9.
738 2693 846 2762 μηδένα
868 2693 996 2763 Scaliger·
1026 2695 1146 2766 pandrina
1176 2699 1210 2748 Α.

170 2763 210 2851 μή
238 2765 299 2818 δεῖν
322 2767 358 2816 (x.
452 2769 494 2820 11.
527 2761 648 2826 στάσεως
672 2766 703 2816 Α.
730 2767 780 2833 τῆς
800 2761 920 2824 στάσεως
941 2765 979 2817 G.
1086 2765 1126 2818 13.
1158 2763 1207 2818 καλ

169 2853 222 2901 την
244 2835 275 2885 Α.
302 2831 356 2901 τήν
375 2849 422 2886 oar.
447 2834 482 2886 G.
553 2831 694 2898 διεδέξατο
720 2835 751 2886 A.
776 2832 889 2899 ίδὲξατο
912 2833 948 2884 G.
1033 2835 1073 2890 15.
1100 2828 1141 2900 oie
1157 2833 1207 2890 sol

171 2906 204 2957 Δ.
225 2896 295 2958 ὥστε
311 2903 347 2956 G.
417 2901 537 2970 Γενόοει]
556 2901 672 2967 1X,26.
743 2905 784 2957 16.
811 2901 840 2958 ἐν
858 2899 890 2958 δέ
913 2903 945 2954 Α.
977 2900 1076 2956 Aberat
1096 2901 1136 2960 δί.

174 2975 217 3028 17.
234 2973 398 3042 νεωτερίσας
414 2975 445 3024 n.
470 2974 650 3040 νεωτερίσειεν
668 2971 703 3022 G.
777 2976 817 3028 19.
844 2965 1015 3057 αἠιωρραίοις
1031 2973 1063 3026 Α.
1138 2975 1207 3029 Xan·

168 3043 262 3106 ταίοιρ
276 3043 309 3095 Δ.
332 3044 474 3105 Γιτταίοις
490 3045 538 3126 G„
593 3043 637 3097 ΞΟ.
656 3035 763 3104 asinione
774 3045 805 3098 Δ.
823 3043 955 3105 Ευιαίοις
972 3041 1008 3094 G.

104 3179 208 3249 Nilnn,
225 3181 316 3252 quiet
332 3179 401 3234 Gion
420 3186 448 3235 et
462 3180 655 3250 Chrysorrhoas
674 3197 689 3234 s
709 3177 829 3250 pellatur.
862 3179 974 3250 iapheth
996 3175 1108 3248 deniqne
1128 3177 1207 3234 tertio

103 3251 156 3302 lilio
172 3252 225 3306 425
247 3267 340 3304 snuurn
362 3251 523 3314 numeranti,
546 3266 648 3320 quaes
731 3251 758 3304 is
777 3251 977 3319 septentrionem
1002 3253 1030 3300 et
1048 3248 1208 3302 occidentem

103 3321 138 3371 sd
151 3321 242 3374 Gades
263 3337 344 3388 nsque
357 3319 573 3388 Britannicasqus
591 3319 686 3374 insulso
709 3319 867 3388 respiciunt,
887 3319 1030 3372 hrrnenianr
1046 3321 1074 3370 st
1087 3317 1208 3380 iberiam,

103 3387 228 3453 Pontum,
253 3389 366 3442 Colchos
389 3397 468 3459 atque
489 3388 558 3442 ultra
578 3389 676 3458 positas
693 3389 829 3456 regiones,
852 3388 1001 3458 insulasque
1020 3385 1112 3440 ltaliae
1131 3385 1208 3438 adia-

105 3467 207 3522 eentes‚
226 3458 343 3521 Gallias,
362 3457 530 3527 Hispaniam,
550 3457 714 3540 Celtihepiam
731 3464 761 3510 et
779 3458 919 3512 Lusitanos
940 3455 1052 3525 reliquit.
1088 3453 1208 3508 Commu-

104 3525 177 3578 nibns
191 3535 281 3580 terras
294 3527 443 3596 regionibus
456 3529 506 3579 hoc
520 3527 720 3596 pannoniensis,
737 3527 834 3596 scripto
853 3527 1010 3580 voluntatem
1027 3527 1156 3586 testatus,
1178 3525 1209 3576 ut

105 3595 193 3659 aiant,
224 3597 317 3648 lecturo
338 3597 414 3649 ohan
434 3601 613 3650 testamentum
634 3595 727 3650 clausit
745 3603 773 3648 et
794 3595 879 3665 sigillo
901 3593 1015 3648 firmavit
1039 3591 1160 3660 apudque
1181 3609 1211 3644 se

105 3662 215 3718 detinuit
231 3665 264 3716 ad
280 3667 350 3720 2592
362 3667 394 3718 ab
408 3665 506 3718 Adssuo
520 3681 627 3728 annum,
645 3683 697 3734 quo
709 3665 761 3718 leto
774 3677 866 3734 raptus
880 3661 1041 3718 obdormivit.
1074 3659 1127 3741 iarn
1147 3677 1210 3712 rero

105 3735 179 3786 morti
191 3735 338 3803 proximus,
355 3735 458 3803 nequis
472 3735 603 3786 infratris
622 3733 688 3788 liores
707 3734 864 3804 inrumperet
879 3740 926 3786 aut
941 3729 1037 3785 iniuria
1052 3735 1210 3806 assignetur

105 3801 158 3870 ipsi
172 3813 271 3872 partera
286 3803 435 3868 invaderet,
458 3802 518 3856 liliis
532 3803 618 3856 trihus
637 3801 783 3867 insudavit,
802 3803 866 3856 alias
881 3801 908 3856 ia
930 3799 1038 3854 dissidia
1056 3815 1209 3867 pugnasque

105 3870 143 3921 sd
155 3870 263 3925 inrisere
278 3889 328 3926 non
345 3871 424 3926 lsoils
441 3869 616 3928 consiliandos
640 3877 734 3924 ennete
756 3889 870 3928 cessura.
912 3869 1103 3924 Testamentum
1131 3883 1208 3936 porro

105 3939 174 4004 Seu,
191 3957 238 3994 eeu
253 3941 422 4011 primogenito
437 3959 468 3994 so
482 3940 606 4010 religione
620 3941 730 3993 caeteris
743 3941 871 4012 superiori
884 3938 999 4002 tradidit,
1017 3938 1091 4006 isque
1102 3945 1177 4005 patre
1192 3952 1209 3988 ιι

104 4007 173 4060 siris
193 4009 295 4062 s'oblato
320 4011 402 4062 totins
418 4013 489 4064 orbis
512 4009 632 4062 ducatum
652 4009 755 4079 excepit
778 4019 857 4078 atque
880 4007 986 4061 eximias
1009 4003 1209 4066 benedictiones,
1283 4011 1292 4028 ’

105 4093 171 4144 quas
188 4080 213 4131 ei
230 4085 351 4148 precatus
372 4080 460 4132 heret
479 4085 571 4148 pater,
598 4077 673 4131 velut
695 4077 869 4131 haereditario
887 4077 963 4140 iure,
981 4081 1059 4146 prout
1071 4073 1097 4126 in
1111 4071 1209 4126 Genesi

106 4147 204 4210 lenm,
224 4149 296 4200 odiit.
332 4147 391 4201 Noe
403 4149 504 4202 veroin
518 4153 605 4218 monte
615 4147 703 4200 hubas
716 4146 829 4200 decessit
840 4165 856 4199 e
868 4145 943 4198 visis.

176 4219 246 4268 Anao
257 4217 343 4269 mnndi
357 4219 436 4280 2791,
448 4217 475 4269 id
492 4223 533 4270 est
544 4217 577 4269 sb
593 4217 667 4270 obitu
682 4218 741 4270 Noe
756 4215 893 4279 ducentis,
910 4215 1034 4267 channen
1046 4211 1115 4264 hlias
1127 4211 1208 4264 (ἕλκοιο

106 4299 187 4335 novas
199 4302 240 4338 res
252 4287 369 4349 molitus,
387 4286 453 4338 lines
465 4286 524 4338 Sera
542 4285 655 4349 invasit,
673 4291 701 4338 et
716 4283 813 4338 violato
829 4284 887 4337 Noe
928 4287 1063 4351 rseoepto‚
1081 4279 1209 4334 adiunctis

107 4361 205 4422 septem
222 4371 255 4408 ex
271 4355 376 4410 seorsis
390 4355 528 4426 gentibus,
546 4353 729 4421 Amorrhaeis,
747 4353 884 4422 (iettensis,
900 4301 1073 4416 insternere,
1101 4349 1208 4409 Roneis,
