2978 4838
501 299 886 371 CHRONOGRAPfflA.
1156 291 1239 368 687
1314 290 1322 309 ⁸

141 465 255 544 θίντος
274 467 410 555 διωγμοῦ
423 471 559 550 Σαβῖνος
571 463 669 551 αιἰτῆς
682 462 767 554 ὥρας
782 459 1033 554 Φρουμεντάριον
1046 461 1181 550 ίπεμηνεν
1194 469 1267 544 eicit

142 566 330 654 διναζῆτησίν
344 595 415 654 μου.
442 569 526 656 adpo
537 569 594 654 pair
607 567 765 658 τεσσάρων
779 567 902 657 ἡμερῶν
916 571 964 635 bct
978 576 1036 656 τῆς
1049 572 1147 646 αἰκίας
1159 569 1241 654 ἵμει-

142 696 195 755 να,
212 672 271 757 τὴν
286 672 388 762 ᾄφιξιν
403 674 460 758 μίν
470 679 527 739 τοῦ
545 675 797 761 Φρουμενταρίου
814 675 1011 762 προσδοκῶν,
1031 669 1100 740 ὅδ’
1116 673 1240 742 ἅπαντα

140 778 198 858 μὲν
221 782 388 862 περιῆλθεν
413 775 599 862 δνερευνῶν,
631 775 690 852 τὰς
717 773 839 858 δδοδς,“
853 777 927 854 τοδς
954 776 1133 862 ποταμοδς,
1166 775 1242 853 τυδς

118 876 267 966 δᾶγραάς.
295 878 374 946 ἔνθα
393 876 589 968 κρόπτεσθαί
596 903 634 962 με
648 877 667 964 ἢ
680 883 814 962 βαδίζειν
835 877 1010 964 ὑπενόησεν.
1053 879 1187 972 άαρασίρ
1206 880 1248 945 δί’

139 982 237 1066 εἴχετο
244 1031 255 1063 ,
281 983 325 1067 μῆ
341 979 487 1072 εὑρίσκων
502 983 558 1067 τὴν
574 985 682 1049 οἰκίαν.
710 983 747 1049 οδ
762 984 820 1072 γὰρ
837 985 998 1050 ἐπίστευον
1018 981 1096 1050 οἴκοι
1110 997 1149 1067 με
1164 987 1239 1050 dem-
1255 984 1288 1040 V·
1305 986 1357 1044 29¹

138 1081 270 1168 κόμενον
282 1087 400 1170 μένειν,
423 1089 473 1154 καί
485 1083 575 1171 μόλις
588 1085 668 1170 μετὰ
681 1085 738 1172 τῆν
750 1083 901 1174 τετάρτην
912 1083 1030 1174 ῆμίραν
1042 1084 1242 1165 κελεόσαντός

137 1215 194 1274 μοι
213 1195 403 1274 μεταστῆναι
424 1197 481 1255 τοῦ
500 1196 580 1256 θεοῦ
602 1191 653 1255 καί
670 1187 854 1275 παραδόξως
876 1187 1119 1275 δδοποιῆυαντος
1133 1187 1191 1277 ίγά
1206 1215 1239 1256 τι

138 1293 191 1358 καλ
208 1291 239 1358 oi
251 1295 357 1370 παῖδες
372 1293 423 1358 καί
438 1293 467 1360 oi
481 1295 589 1359 πολλοί
603 1299 667 1360 τῶν
679 1293 822 1378 ἀδελφῶν
837 1292 904 1377 ἅμα
921 1290 1159 1378 αυνεξῆλθομεν.
1187 1297 1238 1358 καί

95 1408 130 1462 10
139 1395 188 1462 ὅτι
206 1403 264 1479 τῆς
277 1402 334 1484 τοῦ
346 1402 424 1462 θεοῦ
440 1397 586 1483 προνοίας
599 1385 687 1484 ἔργον
707 1397 800 1463 dasiro
813 1397 915 1483 γίγανε
930 1398 971 1464 soi
986 1393 1055 1482 ἑξῆς
1071 1395 1267 1481 {ditescant}

138 1500 173 1564 ἐν
197 1495 245 1575 οἷς
263 1497 345 1583 τάχα
364 1503 428 1565 τισὶ
444 1497 606 1586 γεγόναμεν
624 1497 781 1586 χρήσιμοι.
823 1497 888 1566 εἶτά
913 1525 983 1566 τινα
1007 1499 1124 1583 μεταξδ
1147 1500 1240 1566 eineis

136 1602 179 1668 τὰ
195 1602 275 1686 μετὰ
288 1603 346 1688 τῆν
361 1602 462 1690 φυγῆν
474 1603 559 1693 αὐτῷ
570 1600 788 1688 συμβεβηκότα
802 1606 895 1688 δηλοῖ
903 1609 1003 1668 ταῦτα
1018 1598 1153 1688 ἐπάγων·
1180 1603 1239 1688 ἐγώ

135 1707 195 1789 μίν
210 1705 270 1792 γὰρ
284 1708 352 1792 περὶ
365 1701 455 1789 ῆλίου
470 1705 592 1790 δυσμάς
605 1705 671 1789 ἅμα
685 1715 751 1782 τοῖς
766 1706 823 1772 ocio
837 1708 905 1790 ίμολ
916 1705 1088 1793 γενομένοις
1099 1702 1160 1771 ὑπὸ
1174 1715 1241 1782 τοῖς

137 1805 345 1894 στρατιώταις
360 1811 402 1885 είς
413 1809 584 1898 Ταπόσιριν
596 1809 711 1895 ῆχθην.
739 1807 787 1875 ότι
801 1811 835 1874 δὲ
846 1807 1004 1892 Τιμόθεος
1017 1807 1097 1873 κατδ
1110 1808 1167 1892 τῆν
1182 1814 1239 1874 τοῦ

94 1917 218 1979 ideirco*
233 1909 382 1999 captivetur
400 1911 485 1996 ἴτυχε
504 1913 549 1998 μῆ
570 1913 697 1998 παρὼν,
723 1913 804 1997 μηδὲ
827 1913 1055 1998 καταληφθείς·
1082 1910 1185 1978 ίλθών
1205 1913 1240 1977 δὲ

134 2013 270 2102 δατερυν
285 2005 352 2102 εὗρε
367 2015 423 2082 τδν
437 2013 520 2082 οίκον
536 2015 650 2103 ἔρημον
666 2017 716 2081 καὶ
731 2022 946 2103 φρουροῦντας
961 2013 1056 2080 αδτδν
1070 2011 1236 2101 δπηρίτας,

134 2115 222 2203 ῆμιῑς
238 2118 272 2182 δὲ
284 2118 628 2204 ἔξηνδραποδισμίνους.
656 2121 706 2184 καὶ
715 2117 793 2202 μεθ’
807 2115 895 2205 λ’τερά
909 2137 1005 2205 φησι·
1024 2117 1075 2183 καί
1090 2121 1137 2194 τίς
1150 2113 1167 2183 δ
1181 2124 1239 2202 τῆς

134 2223 330 2304 θαυμαστῆς
350 2221 447 2287 αὐτοῦ
472 2224 647 2303 οἰκονομίας
667 2220 800 2306 τρόποςς
825 2219 866 2286 τά
881 2221 940 2307 γὰρ
962 2220 1069 2304 ἀληθῆ
1086 2217 1236 2304 λεχθήσε-

133 2349 199 2390 ται.
233 2319 391 2406 ἇπηντδτό
407 2347 454 2398 τις
473 2329 536 2388 τῶν
554 2329 695 2410 χωριτῶν
713 2319 923 2408 δποφεόγοντε
944 2328 989 2411 τῷ
1012 2323 1160 2410 Τιμοθίιμ
1184 2325 1265 2386 acii)

90 2425 353 2512 messapoypte'utp
369 2425 420 2489 καὶ
438 2425 495 2507 τὴν
510 2427 611 2491 aiulo-s
627 2431 684 2508 τῆς
699 2425 836 2502 ἰπείξεως
849 2421 993 2491 ἐπύθετο.
1021 2420 1038 2490 d
1053 2425 1088 2489 δὲ
1104 2421 1241 2507 τάληθὲς

135 2528 283 2609 ίξειπιδν,
312 2525 447 2604 κάκεῖνος
460 2523 612 2608 duodone,
640 2523 729 2614 ἀπῄει
746 2527 780 2592 δ’
798 2525 1026 2612 εὐωχησόμενος
1037 2521 1145 2616 γάμῳ,
1169 2529 1239 2592 δια-

25 2620 30 2631 ’
132 2633 329 2717 παννυχίζειν
344 2629 404 2718 γδρ
418 2631 503 2722 αὐτῷ
518 2632 550 2697 ἓν
562 2641 631 2708 ταῖς
643 2627 801 2707 τοιαύταις
817 2629 960 2708 συνόδοις
974 2629 1064 2712 ἔθος,
1090 2631 1241 2696 είσελθιδν

207 2763 233 2818 a
251 2753 355 2846 ἅπαντρ
368 2761 403 2816 G.
489 2762 516 2818 5.
538 2755 691 2835 ἣβαδίζειν
705 2761 735 2814 Ρ.
754 2754 901 2831 ῆδαφίζειν
912 2761 948 2814 G·
1016 2763 1078 2847 ‚¹.²·
1095 2755 1190 2847 ἐπάγει
1204 2761 1236 2818 λ.

206 2833 302 3022 ab}
319 2831 909 3024 postzziprtottubt'utba.
931 2831 1183 2972 opaefflppo
1197 2831 1234 2885 ‘³‘

267 2985 322 3024 εσε
361 2989 398 3024 ων
411 2987 459 3024 orn.
504 3009 510 3024 .

138 3073 250 3126 verente
269 3087 285 3124 a
302 3071 377 3124 Decii
395 3073 446 3126 iem
464 3073 622 3142 temporibus
640 3077 731 3128 exorta
743 3071 938 3144 persecutione,
955 3071 1066 3127 Sabinus
1078 3091 1109 3127 eo
1120 3075 1235 3146 ternpore

133 3141 344 3196 Frumentarium
362 3157 402 3194 me
423 3143 622 3212 perquisitururu
637 3143 713 3196 misit.
749 3143 807 3212 Ego
822 3143 924 3214 quidem
939 3151 1051 3226 quatuor
1065 3143 1121 3196 dies
1137 3143 1234 3196 adven-

133 3217 191 3263 tum
199 3209 371 3262 Frumentarii
381 3211 448 3264 domi
454 3213 626 3281 praestolatus
636 3213 731 3280 mansi3
744 3213 789 3266 ilie
797 3229 859 3265 vero
868 3211 923 3266 ioca
931 3229 1134 3266 ωιαοωσιιττιιαε
1142 3211 1234 3276 omnia,

134 3281 204 3341 vias,
222 3276 331 3344 flavios,
350 3295 443 3348 agros,
462 3280 556 3350 quibus
570 3299 610 3335 me
623 3281 744 3348 recondi,
766 3281 808 3334 vei
823 3282 945 3336 incedere
958 3283 1152 3365 suspicabatur,
1173 3295 1235 3352 per-

134 3349 302 3417 vesu'gebat3
316 3353 343 3401 et
355 3365 403 3401 nou
417 3349 523 3402 inventa
534 3350 609 3403 domo
622 3369 693 3417 mea,
707 3351 834 3404 monitate
849 3357 951 3420 captum
963 3351 1088 3414 dixissen
1106 3350 1237 3413 nonenim

135 3433 179 3470 me
192 3418 361 3488 perquisitum
375 3419 545 3489 undequaque
560 3421 627 3472 dorni
642 3422 775 3473 continere
790 3419 977 3473 coniectabant.
1019 3421 1121 3482 Quarto
1136 3419 1236 3470 demam

135 3485 197 3550 dis,
215 3486 316 3542 domino
327 3487 387 3541 viae
401 3489 467 3542 duce
482 3488 613 3558 inopinato
627 3489 738 3558 migrare
753 3489 875 3554 iubente,
894 3507 943 3558 ego
961 3493 989 3541 et
1003 3489 1094 3558 pueri,
1111 3487 1235 3539 fratrum·

134 3571 188 3676 pne
211 3555 311 3624 plurimi
333 3557 560 3628 commigravirnus.
600 3557 712 3612 Divinae
732 3575 795 3612 vero
821 3557 1001 3630 providentiae
1020 3559 1070 3610 boc
1089 3555 1236 3610 institutum

150 3623 219 3676 uisse
233 3627 377 3694 sequentia,
399 3627 425 3680 in
445 3629 539 3697 quibus
558 3628 647 3680 forsan
665 3627 792 3682 nonnullis
807 3627 885 3680 utiles
899 3627 1009 3694 fuimus,
1027 3625 1235 3679 declaraverunt.

136 3691 298 3753 Quibusdam
315 3693 408 3748 deinde
429 3697 607 3767 interpositis,
625 3715 691 3768 quae
711 3706 771 3820 post
789 3697 876 3765 fugam
897 3695 1060 3764 contigerunt
1076 3693 1235 3758 manifestat,

133 3762 218 3813 verbe
231 3759 389 3830 subiungens
404 3765 557 3818 huiuamodi.
592 3765 650 3837 ligo
666 3767 709 3838 qui
729 3783 768 3819 ern
784 3765 853 3818 circa
866 3763 927 3817 sniis
941 3763 1082 3818 occubitum
1097 3779 1154 3815 curn
1168 3761 1236 3814 mili-

134 3829 207 3881 tibus
229 3829 287 3882 viee
309 3832 445 3887 comitibus
465 3835 507 3887 Te
526 3833 613 3888 osirim
636 3854 691 3890 sum
714 3837 815 3888 ductus.
857 3833 1009 3886 Timotheus
1028 3839 1113 3886 autern
1133 3831 1236 3897 absens,

135 3897 186 3950 deo
203 3898 427 3982 improvidente,
446 3921 496 3955 non
508 3851 594 3956 iuerat
613 3905 790 3976 interceptus3
807 3901 907 3956 domum
922 3911 1006 3954 autem
1018 3901 1168 4022 proiectus,
1186 3900 1233 3954 de-

133 3973 230 4019 sertam
250 3975 349 4020 invenit
371 3977 399 4022 et
418 3973 592 4028 custodientes
617 3991 672 4026 earn
698 3973 843 4039 ministros,
869 3989 914 4023 nos
934 3987 998 4024 vero
1031 3987 1084 4040 uga
1109 3969 1233 4024 salvatos·

133 4037 174 4089 Ac
197 4037 347 4105 quibusdam
367 4039 477 4092 adiectis
495 4042 540 4095 ait.
585 4043 651 4107 Quis
674 4051 758 4096 autern
786 4039 943 4094 admirabilis
967 4040 1031 4093 adeo
1052 4038 1233 4108 providentiae

42 4167 46 4174 Ι
134 4105 248 4158 modus?
272 4107 343 4159 Vera
363 4125 471 4178 namque
490 4129 506 4163 a
525 4111 599 4164 nobis
618 4113 772 4164 reserentur.
815 4110 955 4162 incolarum
970 4127 1020 4162 non
1036 4125 1108 4161 nemo
1120 4105 1233 4176 fugienti

133 4173 272 4229 Timotheo
291 4175 473 4248 turbatumque
495 4179 603 4233 animum
625 4179 782 4251 praeferenti
808 4178 940 4241 occurrit,
964 4177 1106 4247 celerisque
1127 4191 1234 4246 gressus

133 4253 332 4313 causamrogat.
368 4247 415 4302 llio
432 4265 519 4302 vorum
537 4251 669 4315 confesso,
688 4251 732 4319 qui
746 4247 864 4302 audierat
877 4249 974 4316 nuptiis
992 4247 1102 4300 conviva
1119 4247 1233 4310 futurus,

132 4309 262 4379 dixerut,
284 4313 447 4384 (huiusmodi
465 4335 528 4372 vero
540 4319 709 4374 conventibus
728 4325 808 4372 totam
832 4325 933 4372 noctem
952 4316 1069 4373 convivio
1092 4313 1232 4369 traducere
